@article{jeong95,
  title	= {On the identification of a vortex},
  author	= {Jeong, Jinhee and Hussain, Fazle},
  journal	= {Journal of fluid mechanics},
  volume	= {285},
  pages	= {69--94},
  year	= {1995},
  publisher	= {Cambridge Univ Press}
}
@article{falchi09,
  title={Evaluation of the performance of high-speed PIV compared to standard PIV in a turbulent jet},
  author={Falchi, M and Romano, GP},
  journal={Experiments in fluids},
  volume={47},
  number={3},
  pages={509--526},
  year={2009},
  publisher={Springer}
}

@article{xu02,
  title={Effect of different initial conditions on a turbulent round free jet},
  author={Xu, G and Antonia, R},
  journal={Experiments in Fluids},
  volume={33},
  number={5},
  pages={677--683},
  year={2002},
  publisher={Springer}
}

@article{bradbury65,
  title={The structure of a self-preserving turbulent plane jet},
  author={Bradbury, LJS},
  journal={Journal of Fluid Mechanics},
  volume={23},
  number={01},
  pages={31--64},
  year={1965},
  publisher={Cambridge Univ Press}
}