@article{braza06,
  title={Turbulence properties in the cylinder wake at high Reynolds numbers},
  author={Braza, Marianna and Perrin, Rodolphe and Hoarau, Yannick},
  journal={Journal of fluids and Structures},
  volume={22},
  number={6},
  pages={757--771},
  year={2006},
  publisher={Elsevier}
}

@article{cox98,
  title={Computation of vortex shedding and radiated sound for a circular cylinder: subcritical to transcritical Reynolds numbers},
  author={Cox, Jared S and Brentner, Kenneth S and Rumsey, Christopher L},
  journal={Theoretical and Computational Fluid Dynamics},
  volume={12},
  number={4},
  pages={233--253},
  year={1998},
  publisher={Springer}
}

@article{elmakdah13,
  title={The flow past a cactus-inspired grooved cylinder},
  author={El-Makdah, Adnan M and Oweis, Ghanem F},
  journal={Experiments in fluids},
  volume={54},
  number={2},
  pages={1--16},
  year={2013},
  publisher={Springer}
}

@article{kawamura86,
  title={Computation of high Reynolds number flow around a circular cylinder with surface roughness},
  author={Kawamura, Tetuya and Takami, Hideo and Kuwahara, Kunio},
  journal={Fluid Dynamics Research},
  volume={1},
  number={2},
  pages={145--162},
  year={1986},
  publisher={Elsevier}
}

@article{williamson96,
  title={Vortex dynamics in the cylinder wake},
  author={Williamson, Charles HK},
  journal={Annual review of fluid mechanics},
  volume={28},
  number={1},
  pages={477--539},
  year={1996},
  publisher={Annual Reviews 4139 El Camino Way, PO Box 10139, Palo Alto, CA 94303-0139, USA}
}

@article{roshko61,
  title={Experiments on the flow past a circular cylinder at very high Reynolds number},
  author={Roshko, Anatol},
  journal={Journal of Fluid Mechanics},
  volume={10},
  number={03},
  pages={345--356},
  year={1961},
  publisher={Cambridge Univ Press}
}

@article{catalano03,
  title={Numerical simulation of the flow around a circular cylinder at high Reynolds numbers},
  author={Catalano, Pietro and Wang, Meng and Iaccarino, Gianluca and Moin, Parviz},
  journal={International Journal of Heat and Fluid Flow},
  volume={24},
  number={4},
  pages={463--469},
  year={2003},
  publisher={Elsevier}
}

@misc{lopez_cyl,
 author = "Manuel LÃ³pez",
 title  = "High Reynolds Flow past Circular Cylinder, 2D, Re = 1e6, Ma = 0.2, VERY coarse grid",
 month  = "apr",
 year   = "2016",
 howpublished = "https://www.youtube.com/watch?v=b6kx8-jrK6Q"
 note   = "Online, verificato il 30/09/2016" 
}

@article{norberg87,
  title={Effects of Reynolds number and a low-intensity freestream turbulence on the flow around a circular cylinder},
  author={Norberg, Christoffer},
  journal={Chalmers University, Goteborg, Sweden, Technological Publications},
  volume={87},
  number={2},
  year={1987}
}
    